<?xml version='1.0' encoding='UTF-8'?>
<record xmlns="http://www.loc.gov/MARC21/slim">
  <leader>01266cam a22002895  4500</leader>
  <controlfield tag="001">2835696</controlfield>
  <controlfield tag="003">NjP</controlfield>
  <controlfield tag="005">20171019170503.0</controlfield>
  <controlfield tag="008">991206s1953    le            000 0 ara d</controlfield>
  <datafield tag="024" ind1="7" ind2=" ">
    <subfield code="a">princeton_aco001959</subfield>
    <subfield code="2">local</subfield>
  </datafield>
  <datafield ind1=" " ind2=" " tag="035">
    <subfield code="a">(OCoLC)ocn178140465</subfield>
  </datafield>
  <datafield ind1=" " ind2=" " tag="035">
    <subfield code="a">(OCoLC)ocm42939342</subfield>
  </datafield>
  <datafield ind1=" " ind2=" " tag="040">
    <subfield code="a">PUL</subfield>
    <subfield code="c">PUL</subfield>
    <subfield code="d">PUL</subfield>
  </datafield>
  <datafield ind1=" " ind2=" " tag="035">
    <subfield code="a">(OCoLC)178140465</subfield>
  </datafield>
  <datafield ind1=" " ind2=" " tag="035">
    <subfield code="9">CNR8200TS</subfield>
  </datafield>
  <datafield ind1=" " ind2=" " tag="035">
    <subfield code="a">(NjP)2835696</subfield>
  </datafield>
  <datafield ind1=" " ind2=" " tag="079">
    <subfield code="a">ocm42939342</subfield>
  </datafield>
  <datafield ind1=" " ind2=" " tag="049">
    <subfield code="a">PULL</subfield>
  </datafield>
  <datafield ind1="1" ind2=" " tag="100">
    <subfield code="6">880-01</subfield>
    <subfield code="a">Sibāʻī, Muṣṭafá,</subfield>
    <subfield code="d">1915-1964.</subfield>
    <subfield code="0">http://id.loc.gov/authorities/names/n82027795</subfield>
  </datafield>
  <datafield ind1="1" ind2="0" tag="245">
    <subfield code="6">880-02</subfield>
    <subfield code="a">Limādhā akhfaqat al-Jāmiʻah al-ʻArabīyah? wa-kayfa taṣbaḥu adāh nāfiʻah lil-ʻArab?</subfield>
    <subfield code="b">Naṣṣ al-kalimah allatī alqāhā ... fī iḥtifāl al-Hayʼah al-Waṭanīyah fī Lubnān ...</subfield>
  </datafield>
  <datafield ind1=" " ind2=" " tag="260">
    <subfield code="a">[Beirut]</subfield>
    <subfield code="c">1953.</subfield>
  </datafield>
  <datafield ind1=" " ind2=" " tag="300">
    <subfield code="a">16 p.</subfield>
    <subfield code="c">17 cm.</subfield>
  </datafield>
  <datafield ind1=" " ind2=" " tag="546">
    <subfield code="a">In Arabic.</subfield>
  </datafield>
  <datafield ind1="2" ind2="0" tag="610">
    <subfield code="a">League of Arab States.</subfield>
    <subfield code="0">http://id.loc.gov/authorities/names/n80002390</subfield>
  </datafield>
  <datafield ind1="1" ind2=" " tag="880">
    <subfield code="6">100-01/r</subfield>
    <subfield code="a">سباعي، مصطفى،</subfield>
    <subfield code="d">1915-1964.</subfield>
  </datafield>
  <datafield ind1="1" ind2="0" tag="880">
    <subfield code="6">245-02/r</subfield>
    <subfield code="a">لماذا اخفقة الجامعة العربية؟ وكيف تصبح اداه نافعة للعرب؟</subfield>
    <subfield code="b">نص الكلمة التي القاها ... في احتفال الهيئه الوطنية في لبنان ...</subfield>
  </datafield>
  <datafield ind1=" " ind2=" " tag="911">
    <subfield code="a">20000220</subfield>
  </datafield>
  <datafield ind1=" " ind2=" " tag="994">
    <subfield code="a">C0</subfield>
    <subfield code="b">PUL</subfield>
  </datafield>
  <datafield ind1=" " ind2=" " tag="999">
    <subfield code="a">2835696</subfield>
  </datafield>
  <datafield ind1="0" ind2="0" tag="852">
    <subfield code="0">3148177</subfield>
    <subfield code="b">nec</subfield>
    <subfield code="t">1</subfield>
    <subfield code="h">KME73</subfield>
    <subfield code="i">.S533 1953</subfield>
  </datafield>
  <datafield ind1=" " ind2=" " tag="959">
    <subfield code="a">2009-07-02 12:07:45 -0400</subfield>
  </datafield>
</record>
